
@misc{crowdsupplyna[@crowd_supply]NewCampaignLaunched2021,
	type = {Tweet},
	title = {New campaign launched on {Crowd} {Supply}: the {Inkplate} 10 by @eradionica. {The} {Inkplate} 10 is a low-power, easy-to-program, open-hardware e-paper display with {Wi}-{Fi} support \& a 9.7" screen. {This} project reached its goal in less than 24h. {Join} 100+ backers https://crowdsupply.com/e-radionica/inkplate-10 https://t.co/{oEoUXrG1ps}},
	url = {https://twitter.com/crowd_supply/status/1350190220457590784},
	language = {en},
	urldate = {2024-03-20},
	journal = {Twitter},
	author = {{Crowd Supply na [@crowd\_supply]}},
	month = jan,
	year = {2021},
}

@misc{zovkoOurCampaignLive2021,
	title = {Our {Campaign} is {Live}!},
	url = {https://www.crowdsupply.com/e-radionica/inkplate-10/updates/our-campaign-is-live},
	abstract = {We are excited to let you all know that we have now officially begun crowdfunding for Inkplate 10. After a very successful Inkplate 6 campaign, we received a lot of feedback about improvements we could make and additional features we could add. Most of you asked for a bigger screen, more GPIO, and an on-board RTC, all of which Inkplate 10 provides. Come have a look!},
	language = {en},
	urldate = {2024-03-20},
	journal = {Crowd Supply},
	author = {Zovko, David},
	month = jan,
	year = {2021},
}

@misc{solderedelectronicsInkplate102021,
	title = {Inkplate 10},
	url = {https://www.crowdsupply.com/soldered/inkplate-10},
	abstract = {A low-power, easy-to-program, open-hardware e-paper display with Wi-Fi support and a 9.7" screen},
	language = {en},
	urldate = {2024-03-20},
	journal = {Crowd Supply},
	author = {{Soldered Electronics}},
	month = feb,
	year = {2021},
}

@misc{solderedelectronicsUs,
	title = {About {Us}},
	url = {https://soldered.com/about-us/},
	language = {en-US},
	urldate = {2024-03-20},
	journal = {Soldered Electronics},
	author = {{Soldered Electronics}},
}

@misc{solderedelectronicsInkplateFeaturesInkplate,
	title = {2. {Inkplate} {Features} â€” {Inkplate} docs documentation},
	url = {https://inkplate.readthedocs.io/en/latest/features.html#inkplate-10},
	urldate = {2024-03-20},
	author = {{Soldered Electronics}},
}
